<?xml version="1.0" encoding="UTF-8"?><record xmlns="http://www.loc.gov/MARC21/slim" xmlns:cinclude="http://apache.org/cocoon/include/1.0" xmlns:zs="http://www.loc.gov/zing/srw/">
  <leader>00433nz  a2200133n  4500</leader>
  <controlfield tag="001">n 2006067805</controlfield>
  <controlfield tag="003">DLC</controlfield>
  <controlfield tag="005">20060905124424.0</controlfield>
  <controlfield tag="008">060905n| acannaabn          |n ana      </controlfield>
  <datafield tag="010" ind1=" " ind2=" ">
    <subfield code="a">n 2006067805</subfield>
  </datafield>
  <datafield tag="040" ind1=" " ind2=" ">
    <subfield code="a">DLC</subfield>
    <subfield code="b">eng</subfield>
    <subfield code="c">DLC</subfield>
  </datafield>
  <datafield tag="130" ind1=" " ind2="0">
    <subfield code="a">Unkenrufe (Motion picture)</subfield>
  </datafield>
  <datafield tag="670" ind1=" " ind2=" ">
    <subfield code="a">Unkenrufe, 2005:</subfield>
    <subfield code="b">t.p. (der Film nach der ErzaĚhlung von GuĚnter Grass)</subfield>
  </datafield>
  <datafield tag="670" ind1=" " ind2=" ">
    <subfield code="a">Internet movie database, Sept. 5, 2006:</subfield>
    <subfield code="b">(Unkenrufe; film released in 2005)</subfield>
  </datafield>
</record>